%YAML 1.1
%TAG !u! tag:unity3d.com,2011:
--- !u!1 &169496
GameObject:
  m_ObjectHideFlags: 0
  m_PrefabParentObject: {fileID: 0}
  m_PrefabInternal: {fileID: 100100000}
  serializedVersion: 4
  m_Component:
  - 4: {fileID: 488632}
  - 114: {fileID: 11426728}
  - 114: {fileID: 11409002}
  - 114: {fileID: 11497426}
  - 114: {fileID: 11447832}
  - 114: {fileID: 11482448}
  - 114: {fileID: 11499950}
  m_Layer: 0
  m_Name: InAudio EventSave
  m_TagString: Untagged
  m_Icon: {fileID: 0}
  m_NavMeshLayer: 0
  m_StaticEditorFlags: 0
  m_IsActive: 1
--- !u!4 &488632
Transform:
  m_ObjectHideFlags: 1
  m_PrefabParentObject: {fileID: 0}
  m_PrefabInternal: {fileID: 100100000}
  m_GameObject: {fileID: 169496}
  m_LocalRotation: {x: 0, y: 0, z: 0, w: 1}
  m_LocalPosition: {x: 0, y: 0, z: 0}
  m_LocalScale: {x: 1, y: 1, z: 1}
  m_Children: []
  m_Father: {fileID: 0}
  m_RootOrder: 0
--- !u!114 &11409002
MonoBehaviour:
  m_ObjectHideFlags: 1
  m_PrefabParentObject: {fileID: 0}
  m_PrefabInternal: {fileID: 100100000}
  m_GameObject: {fileID: 169496}
  m_Enabled: 1
  m_EditorHideFlags: 0
  m_Script: {fileID: 11500000, guid: a512d6d4125cef14881f432b3a65959c, type: 3}
  m_Name: 
  m_EditorClassIdentifier: 
  _guid: 60733663
  _type: 1
  Name: Event Folder 0
  _parent: {fileID: 11426728}
  Delay: 0
  _children:
  - {fileID: 11482448}
  _actionList: []
  FoldedOut: 1
  Filtered: 0
  PlacedExternaly: 0
--- !u!114 &11426728
MonoBehaviour:
  m_ObjectHideFlags: 1
  m_PrefabParentObject: {fileID: 0}
  m_PrefabInternal: {fileID: 100100000}
  m_GameObject: {fileID: 169496}
  m_Enabled: 1
  m_EditorHideFlags: 0
  m_Script: {fileID: 11500000, guid: a512d6d4125cef14881f432b3a65959c, type: 3}
  m_Name: 
  m_EditorClassIdentifier: 
  _guid: 1816200938
  _type: 0
  Name: Event Root
  _parent: {fileID: 0}
  Delay: 0
  _children:
  - {fileID: 11409002}
  - {fileID: 11497426}
  - {fileID: 11447832}
  _actionList: []
  FoldedOut: 1
  Filtered: 0
  PlacedExternaly: 0
--- !u!114 &11447832
MonoBehaviour:
  m_ObjectHideFlags: 1
  m_PrefabParentObject: {fileID: 0}
  m_PrefabInternal: {fileID: 100100000}
  m_GameObject: {fileID: 169496}
  m_Enabled: 1
  m_EditorHideFlags: 0
  m_Script: {fileID: 11500000, guid: a512d6d4125cef14881f432b3a65959c, type: 3}
  m_Name: 
  m_EditorClassIdentifier: 
  _guid: 2143745355
  _type: 1
  Name: Event Folder 2
  _parent: {fileID: 11426728}
  Delay: 0
  _children: []
  _actionList: []
  FoldedOut: 0
  Filtered: 0
  PlacedExternaly: 0
--- !u!114 &11482448
MonoBehaviour:
  m_ObjectHideFlags: 1
  m_PrefabParentObject: {fileID: 0}
  m_PrefabInternal: {fileID: 100100000}
  m_GameObject: {fileID: 169496}
  m_Enabled: 1
  m_EditorHideFlags: 0
  m_Script: {fileID: 11500000, guid: a512d6d4125cef14881f432b3a65959c, type: 3}
  m_Name: 
  m_EditorClassIdentifier: 
  _guid: 814450813
  _type: 3
  Name: Playing Random Audio Event
  _parent: {fileID: 11409002}
  Delay: 0
  _children: []
  _actionList:
  - {fileID: 11499950}
  FoldedOut: 1
  Filtered: 0
  PlacedExternaly: 0
--- !u!114 &11497426
MonoBehaviour:
  m_ObjectHideFlags: 1
  m_PrefabParentObject: {fileID: 0}
  m_PrefabInternal: {fileID: 100100000}
  m_GameObject: {fileID: 169496}
  m_Enabled: 1
  m_EditorHideFlags: 0
  m_Script: {fileID: 11500000, guid: a512d6d4125cef14881f432b3a65959c, type: 3}
  m_Name: 
  m_EditorClassIdentifier: 
  _guid: 1268850489
  _type: 1
  Name: Event Folder 1
  _parent: {fileID: 11426728}
  Delay: 0
  _children: []
  _actionList: []
  FoldedOut: 0
  Filtered: 0
  PlacedExternaly: 0
--- !u!114 &11499950
MonoBehaviour:
  m_ObjectHideFlags: 1
  m_PrefabParentObject: {fileID: 0}
  m_PrefabInternal: {fileID: 100100000}
  m_GameObject: {fileID: 169496}
  m_Enabled: 1
  m_EditorHideFlags: 0
  m_Script: {fileID: 11500000, guid: c6887394428e7c84195fcfc84974e9b6, type: 3}
  m_Name: 
  m_EditorClassIdentifier: 
  Delay: 0
  _eventActionType: 1
  Node: {fileID: 11430374, guid: 5e62f42063d8efa458f48e61e8a5991e, type: 2}
  Fadetime: 0
  TweenType: 1
--- !u!1001 &100100000
Prefab:
  m_ObjectHideFlags: 1
  serializedVersion: 2
  m_Modification:
    m_TransformParent: {fileID: 0}
    m_Modifications: []
    m_RemovedComponents: []
  m_ParentPrefab: {fileID: 0}
  m_RootGameObject: {fileID: 169496}
  m_IsPrefabParent: 1
