%YAML 1.1
%TAG !u! tag:unity3d.com,2011:
--- !u!1 &101326
GameObject:
  m_ObjectHideFlags: 0
  m_PrefabParentObject: {fileID: 0}
  m_PrefabInternal: {fileID: 100100000}
  serializedVersion: 4
  m_Component:
  - 4: {fileID: 443462}
  - 114: {fileID: 11405638}
  - 114: {fileID: 11408782}
  - 114: {fileID: 11405120}
  - 114: {fileID: 11481002}
  - 114: {fileID: 11447654}
  - 114: {fileID: 11474170}
  - 114: {fileID: 11423922}
  - 114: {fileID: 11462560}
  - 114: {fileID: 11405376}
  - 114: {fileID: 11403406}
  - 114: {fileID: 11430374}
  - 114: {fileID: 11418906}
  - 114: {fileID: 11410590}
  - 114: {fileID: 11490226}
  - 114: {fileID: 11458728}
  - 114: {fileID: 11446998}
  - 114: {fileID: 11408280}
  - 114: {fileID: 11443836}
  - 114: {fileID: 11432364}
  - 114: {fileID: 11462248}
  - 114: {fileID: 11421042}
  - 114: {fileID: 11459612}
  - 114: {fileID: 11495736}
  - 114: {fileID: 11402382}
  - 114: {fileID: 11453046}
  - 114: {fileID: 11451646}
  - 114: {fileID: 11408452}
  - 114: {fileID: 11410638}
  - 114: {fileID: 11434236}
  - 114: {fileID: 11424074}
  - 114: {fileID: 11401614}
  - 114: {fileID: 11471496}
  - 114: {fileID: 11490878}
  - 114: {fileID: 11498804}
  - 114: {fileID: 11432392}
  - 114: {fileID: 11493982}
  m_Layer: 0
  m_Name: InAudio AudioSave
  m_TagString: Untagged
  m_Icon: {fileID: 0}
  m_NavMeshLayer: 0
  m_StaticEditorFlags: 0
  m_IsActive: 1
--- !u!4 &443462
Transform:
  m_ObjectHideFlags: 1
  m_PrefabParentObject: {fileID: 0}
  m_PrefabInternal: {fileID: 100100000}
  m_GameObject: {fileID: 101326}
  m_LocalRotation: {x: 0, y: 0, z: 0, w: 1}
  m_LocalPosition: {x: 0, y: 0, z: 0}
  m_LocalScale: {x: 1, y: 1, z: 1}
  m_Children: []
  m_Father: {fileID: 0}
  m_RootOrder: 0
--- !u!114 &11401614
MonoBehaviour:
  m_ObjectHideFlags: 1
  m_PrefabParentObject: {fileID: 0}
  m_PrefabInternal: {fileID: 100100000}
  m_GameObject: {fileID: 101326}
  m_Enabled: 1
  m_EditorHideFlags: 0
  m_Script: {fileID: 11500000, guid: 19242b74995c0e44a8799397a6b0059a, type: 3}
  m_Name: 
  m_EditorClassIdentifier: 
  _guid: 1980586622
  _type: 2
  _nodeData: {fileID: 11471496}
  Name: Splat
  _parent: {fileID: 11405120}
  OverrideParentMixerGroup: 0
  MixerGroup: {fileID: 0}
  _children: []
  Filtered: 0
  FoldedOut: 0
  ScrollPosition: {x: 0, y: 0}
--- !u!114 &11402382
MonoBehaviour:
  m_ObjectHideFlags: 1
  m_PrefabParentObject: {fileID: 0}
  m_PrefabInternal: {fileID: 100100000}
  m_GameObject: {fileID: 101326}
  m_Enabled: 1
  m_EditorHideFlags: 0
  m_Script: {fileID: 11500000, guid: 0fc14a519ae4a03499b0c9ddb2abae5b, type: 3}
  m_Name: 
  m_EditorClassIdentifier: 
  RandomVolume: 0
  MinVolume: 1
  MaxVolume: 1
  RandomizeDelay: 0
  InitialDelayMin: 0
  InitialDelayMax: 0
  RandomPitch: 0
  MinPitch: 1
  MaxPitch: 1
  RandomBlend: 0
  MinBlend: 1
  MaxBlend: 1
  Loop: 0
  LoopInfinite: 0
  RandomizeLoops: 0
  MinIterations: 1
  MaxIterations: 1
  OverrideAttenuation: 0
  MinDistance: 1
  MaxDistance: 500
  RolloffMode: 0
  LimitInstances: 0
  MaxInstances: 1
  InstanceStealingTypes: 0
  Priority: 128
  RandomSecondsOffset: 0
  MinSecondsOffset: 0
  MaxSecondsOffset: 0
  SelectedArea: 0
  FalloffCurve:
    serializedVersion: 2
    m_Curve:
    - time: 0
      value: 1
      inSlope: 0
      outSlope: 0
      tangentMode: 0
    - time: 0.1
      value: 1
      inSlope: 0
      outSlope: 0
      tangentMode: 0
    - time: 1
      value: 0
      inSlope: 0
      outSlope: 0
      tangentMode: 0
    m_PreInfinity: 2
    m_PostInfinity: 2
    m_RotationOrder: 4
  _clip: {fileID: 0}
  LoadedFromAssetBundle: 0
--- !u!114 &11403406
MonoBehaviour:
  m_ObjectHideFlags: 1
  m_PrefabParentObject: {fileID: 0}
  m_PrefabInternal: {fileID: 100100000}
  m_GameObject: {fileID: 101326}
  m_Enabled: 1
  m_EditorHideFlags: 0
  m_Script: {fileID: 11500000, guid: 0fc14a519ae4a03499b0c9ddb2abae5b, type: 3}
  m_Name: 
  m_EditorClassIdentifier: 
  RandomVolume: 0
  MinVolume: 1
  MaxVolume: 1
  RandomizeDelay: 0
  InitialDelayMin: 0
  InitialDelayMax: 0
  RandomPitch: 0
  MinPitch: 1
  MaxPitch: 1
  RandomBlend: 0
  MinBlend: 0
  MaxBlend: 1
  Loop: 0
  LoopInfinite: 0
  RandomizeLoops: 0
  MinIterations: 1
  MaxIterations: 1
  OverrideAttenuation: 0
  MinDistance: 1
  MaxDistance: 500
  RolloffMode: 0
  LimitInstances: 0
  MaxInstances: 1
  InstanceStealingTypes: 0
  Priority: 0
  RandomSecondsOffset: 0
  MinSecondsOffset: 0
  MaxSecondsOffset: 0
  SelectedArea: 0
  FalloffCurve:
    serializedVersion: 2
    m_Curve:
    - time: 0
      value: 1
      inSlope: 0
      outSlope: 0
      tangentMode: 0
    - time: 0.1
      value: 1
      inSlope: 0
      outSlope: 0
      tangentMode: 0
    - time: 1
      value: 0
      inSlope: 0
      outSlope: 0
      tangentMode: 0
    m_PreInfinity: 2
    m_PostInfinity: 2
    m_RotationOrder: 4
  _clip: {fileID: 8300000, guid: b7b8cc685e2144b45addd593e4e263fc, type: 3}
  LoadedFromAssetBundle: 0
--- !u!114 &11405120
MonoBehaviour:
  m_ObjectHideFlags: 1
  m_PrefabParentObject: {fileID: 0}
  m_PrefabInternal: {fileID: 100100000}
  m_GameObject: {fileID: 101326}
  m_Enabled: 1
  m_EditorHideFlags: 0
  m_Script: {fileID: 11500000, guid: 19242b74995c0e44a8799397a6b0059a, type: 3}
  m_Name: 
  m_EditorClassIdentifier: 
  _guid: 468670876
  _type: 1
  _nodeData: {fileID: 11481002}
  Name: Audio Folder 0
  _parent: {fileID: 11405638}
  OverrideParentMixerGroup: 0
  MixerGroup: {fileID: 0}
  _children:
  - {fileID: 11405376}
  - {fileID: 11430374}
  - {fileID: 11432364}
  - {fileID: 11453046}
  - {fileID: 11401614}
  - {fileID: 11490878}
  - {fileID: 11432392}
  Filtered: 0
  FoldedOut: 1
  ScrollPosition: {x: 0, y: 0}
--- !u!114 &11405376
MonoBehaviour:
  m_ObjectHideFlags: 1
  m_PrefabParentObject: {fileID: 0}
  m_PrefabInternal: {fileID: 100100000}
  m_GameObject: {fileID: 101326}
  m_Enabled: 1
  m_EditorHideFlags: 0
  m_Script: {fileID: 11500000, guid: 19242b74995c0e44a8799397a6b0059a, type: 3}
  m_Name: 
  m_EditorClassIdentifier: 
  _guid: 666356627
  _type: 2
  _nodeData: {fileID: 11403406}
  Name: Bounce
  _parent: {fileID: 11405120}
  OverrideParentMixerGroup: 0
  MixerGroup: {fileID: 0}
  _children: []
  Filtered: 0
  FoldedOut: 0
  ScrollPosition: {x: 0, y: 0}
--- !u!114 &11405638
MonoBehaviour:
  m_ObjectHideFlags: 1
  m_PrefabParentObject: {fileID: 0}
  m_PrefabInternal: {fileID: 100100000}
  m_GameObject: {fileID: 101326}
  m_Enabled: 1
  m_EditorHideFlags: 0
  m_Script: {fileID: 11500000, guid: 19242b74995c0e44a8799397a6b0059a, type: 3}
  m_Name: 
  m_EditorClassIdentifier: 
  _guid: 901093746
  _type: 0
  _nodeData: {fileID: 11408782}
  Name: Audio Root
  _parent: {fileID: 0}
  OverrideParentMixerGroup: 0
  MixerGroup: {fileID: 0}
  _children:
  - {fileID: 11405120}
  - {fileID: 11447654}
  - {fileID: 11423922}
  Filtered: 0
  FoldedOut: 1
  ScrollPosition: {x: 0, y: 0}
--- !u!114 &11408280
MonoBehaviour:
  m_ObjectHideFlags: 1
  m_PrefabParentObject: {fileID: 0}
  m_PrefabInternal: {fileID: 100100000}
  m_GameObject: {fileID: 101326}
  m_Enabled: 1
  m_EditorHideFlags: 0
  m_Script: {fileID: 11500000, guid: 19242b74995c0e44a8799397a6b0059a, type: 3}
  m_Name: 
  m_EditorClassIdentifier: 
  _guid: 929021869
  _type: 2
  _nodeData: {fileID: 11443836}
  Name: Empty Example Audio Node
  _parent: {fileID: 11430374}
  OverrideParentMixerGroup: 0
  MixerGroup: {fileID: 0}
  _children: []
  Filtered: 0
  FoldedOut: 0
  ScrollPosition: {x: 0, y: 0}
--- !u!114 &11408452
MonoBehaviour:
  m_ObjectHideFlags: 1
  m_PrefabParentObject: {fileID: 0}
  m_PrefabInternal: {fileID: 100100000}
  m_GameObject: {fileID: 101326}
  m_Enabled: 1
  m_EditorHideFlags: 0
  m_Script: {fileID: 11500000, guid: 19242b74995c0e44a8799397a6b0059a, type: 3}
  m_Name: 
  m_EditorClassIdentifier: 
  _guid: 1599606755
  _type: 2
  _nodeData: {fileID: 11410638}
  Name: Played first
  _parent: {fileID: 11453046}
  OverrideParentMixerGroup: 0
  MixerGroup: {fileID: 0}
  _children: []
  Filtered: 0
  FoldedOut: 0
  ScrollPosition: {x: 0, y: 0}
--- !u!114 &11408782
MonoBehaviour:
  m_ObjectHideFlags: 1
  m_PrefabParentObject: {fileID: 0}
  m_PrefabInternal: {fileID: 100100000}
  m_GameObject: {fileID: 101326}
  m_Enabled: 1
  m_EditorHideFlags: 0
  m_Script: {fileID: 11500000, guid: 5ed61107f423a9247b9013a516fcee4c, type: 3}
  m_Name: 
  m_EditorClassIdentifier: 
  ExternalPlacement: 0
  OverrideParentBank: 0
  BankLink: {fileID: 11458536, guid: 2d0c9356c0fde0641ae033163e0ffefd, type: 2}
  VolumeMin: 1
  runtimeVolume: 1
--- !u!114 &11410590
MonoBehaviour:
  m_ObjectHideFlags: 1
  m_PrefabParentObject: {fileID: 0}
  m_PrefabInternal: {fileID: 100100000}
  m_GameObject: {fileID: 101326}
  m_Enabled: 1
  m_EditorHideFlags: 0
  m_Script: {fileID: 11500000, guid: 19242b74995c0e44a8799397a6b0059a, type: 3}
  m_Name: 
  m_EditorClassIdentifier: 
  _guid: 283000601
  _type: 2
  _nodeData: {fileID: 11490226}
  Name: Empty Example Audio Node
  _parent: {fileID: 11430374}
  OverrideParentMixerGroup: 0
  MixerGroup: {fileID: 0}
  _children: []
  Filtered: 0
  FoldedOut: 0
  ScrollPosition: {x: 0, y: 0}
--- !u!114 &11410638
MonoBehaviour:
  m_ObjectHideFlags: 1
  m_PrefabParentObject: {fileID: 0}
  m_PrefabInternal: {fileID: 100100000}
  m_GameObject: {fileID: 101326}
  m_Enabled: 1
  m_EditorHideFlags: 0
  m_Script: {fileID: 11500000, guid: 0fc14a519ae4a03499b0c9ddb2abae5b, type: 3}
  m_Name: 
  m_EditorClassIdentifier: 
  RandomVolume: 0
  MinVolume: 1
  MaxVolume: 1
  RandomizeDelay: 0
  InitialDelayMin: 0
  InitialDelayMax: 0
  RandomPitch: 0
  MinPitch: 1
  MaxPitch: 1
  RandomBlend: 0
  MinBlend: 1
  MaxBlend: 1
  Loop: 0
  LoopInfinite: 0
  RandomizeLoops: 0
  MinIterations: 1
  MaxIterations: 1
  OverrideAttenuation: 0
  MinDistance: 1
  MaxDistance: 500
  RolloffMode: 0
  LimitInstances: 0
  MaxInstances: 1
  InstanceStealingTypes: 0
  Priority: 128
  RandomSecondsOffset: 0
  MinSecondsOffset: 0
  MaxSecondsOffset: 0
  SelectedArea: 0
  FalloffCurve:
    serializedVersion: 2
    m_Curve:
    - time: 0
      value: 1
      inSlope: 0
      outSlope: 0
      tangentMode: 0
    - time: 0.1
      value: 1
      inSlope: 0
      outSlope: 0
      tangentMode: 0
    - time: 1
      value: 0
      inSlope: 0
      outSlope: 0
      tangentMode: 0
    m_PreInfinity: 2
    m_PostInfinity: 2
    m_RotationOrder: 4
  _clip: {fileID: 0}
  LoadedFromAssetBundle: 0
--- !u!114 &11418906
MonoBehaviour:
  m_ObjectHideFlags: 1
  m_PrefabParentObject: {fileID: 0}
  m_PrefabInternal: {fileID: 100100000}
  m_GameObject: {fileID: 101326}
  m_Enabled: 1
  m_EditorHideFlags: 0
  m_Script: {fileID: 11500000, guid: da080403990c5ad44870e8ac68f3ea73, type: 3}
  m_Name: 
  m_EditorClassIdentifier: 
  RandomVolume: 0
  MinVolume: 1
  MaxVolume: 1
  RandomizeDelay: 0
  InitialDelayMin: 0
  InitialDelayMax: 0
  RandomPitch: 0
  MinPitch: 1
  MaxPitch: 1
  RandomBlend: 0
  MinBlend: 1
  MaxBlend: 1
  Loop: 0
  LoopInfinite: 0
  RandomizeLoops: 0
  MinIterations: 1
  MaxIterations: 1
  OverrideAttenuation: 0
  MinDistance: 1
  MaxDistance: 500
  RolloffMode: 0
  LimitInstances: 0
  MaxInstances: 1
  InstanceStealingTypes: 0
  Priority: 128
  RandomSecondsOffset: 0
  MinSecondsOffset: 0
  MaxSecondsOffset: 0
  SelectedArea: 0
  FalloffCurve:
    serializedVersion: 2
    m_Curve:
    - time: 0
      value: 1
      inSlope: 0
      outSlope: 0
      tangentMode: 0
    - time: 0.1
      value: 1
      inSlope: 0
      outSlope: 0
      tangentMode: 0
    - time: 1
      value: 0
      inSlope: 0
      outSlope: 0
      tangentMode: 0
    m_PreInfinity: 2
    m_PostInfinity: 2
    m_RotationOrder: 4
  weights: 320000003200000032000000
  doNotRepeat: 1
--- !u!114 &11421042
MonoBehaviour:
  m_ObjectHideFlags: 1
  m_PrefabParentObject: {fileID: 0}
  m_PrefabInternal: {fileID: 100100000}
  m_GameObject: {fileID: 101326}
  m_Enabled: 1
  m_EditorHideFlags: 0
  m_Script: {fileID: 11500000, guid: 19242b74995c0e44a8799397a6b0059a, type: 3}
  m_Name: 
  m_EditorClassIdentifier: 
  _guid: 129679181
  _type: 2
  _nodeData: {fileID: 11459612}
  Name: Played simultaneously
  _parent: {fileID: 11432364}
  OverrideParentMixerGroup: 0
  MixerGroup: {fileID: 0}
  _children: []
  Filtered: 0
  FoldedOut: 0
  ScrollPosition: {x: 0, y: 0}
--- !u!114 &11423922
MonoBehaviour:
  m_ObjectHideFlags: 1
  m_PrefabParentObject: {fileID: 0}
  m_PrefabInternal: {fileID: 100100000}
  m_GameObject: {fileID: 101326}
  m_Enabled: 1
  m_EditorHideFlags: 0
  m_Script: {fileID: 11500000, guid: 19242b74995c0e44a8799397a6b0059a, type: 3}
  m_Name: 
  m_EditorClassIdentifier: 
  _guid: 1821779315
  _type: 1
  _nodeData: {fileID: 11462560}
  Name: Audio Folder 2
  _parent: {fileID: 11405638}
  OverrideParentMixerGroup: 0
  MixerGroup: {fileID: 0}
  _children: []
  Filtered: 0
  FoldedOut: 0
  ScrollPosition: {x: 0, y: 0}
--- !u!114 &11424074
MonoBehaviour:
  m_ObjectHideFlags: 1
  m_PrefabParentObject: {fileID: 0}
  m_PrefabInternal: {fileID: 100100000}
  m_GameObject: {fileID: 101326}
  m_Enabled: 1
  m_EditorHideFlags: 0
  m_Script: {fileID: 11500000, guid: 0fc14a519ae4a03499b0c9ddb2abae5b, type: 3}
  m_Name: 
  m_EditorClassIdentifier: 
  RandomVolume: 0
  MinVolume: 1
  MaxVolume: 1
  RandomizeDelay: 0
  InitialDelayMin: 0
  InitialDelayMax: 0
  RandomPitch: 0
  MinPitch: 1
  MaxPitch: 1
  RandomBlend: 0
  MinBlend: 1
  MaxBlend: 1
  Loop: 0
  LoopInfinite: 0
  RandomizeLoops: 0
  MinIterations: 1
  MaxIterations: 1
  OverrideAttenuation: 0
  MinDistance: 1
  MaxDistance: 500
  RolloffMode: 0
  LimitInstances: 0
  MaxInstances: 1
  InstanceStealingTypes: 0
  Priority: 128
  RandomSecondsOffset: 0
  MinSecondsOffset: 0
  MaxSecondsOffset: 0
  SelectedArea: 0
  FalloffCurve:
    serializedVersion: 2
    m_Curve:
    - time: 0
      value: 1
      inSlope: 0
      outSlope: 0
      tangentMode: 0
    - time: 0.1
      value: 1
      inSlope: 0
      outSlope: 0
      tangentMode: 0
    - time: 1
      value: 0
      inSlope: 0
      outSlope: 0
      tangentMode: 0
    m_PreInfinity: 2
    m_PostInfinity: 2
    m_RotationOrder: 4
  _clip: {fileID: 0}
  LoadedFromAssetBundle: 0
--- !u!114 &11430374
MonoBehaviour:
  m_ObjectHideFlags: 1
  m_PrefabParentObject: {fileID: 0}
  m_PrefabInternal: {fileID: 100100000}
  m_GameObject: {fileID: 101326}
  m_Enabled: 1
  m_EditorHideFlags: 0
  m_Script: {fileID: 11500000, guid: 19242b74995c0e44a8799397a6b0059a, type: 3}
  m_Name: 
  m_EditorClassIdentifier: 
  _guid: 1933355443
  _type: 3
  _nodeData: {fileID: 11418906}
  Name: Random Node Example
  _parent: {fileID: 11405120}
  OverrideParentMixerGroup: 0
  MixerGroup: {fileID: 0}
  _children:
  - {fileID: 11410590}
  - {fileID: 11458728}
  - {fileID: 11408280}
  Filtered: 0
  FoldedOut: 1
  ScrollPosition: {x: 0, y: 0}
--- !u!114 &11432364
MonoBehaviour:
  m_ObjectHideFlags: 1
  m_PrefabParentObject: {fileID: 0}
  m_PrefabInternal: {fileID: 100100000}
  m_GameObject: {fileID: 101326}
  m_Enabled: 1
  m_EditorHideFlags: 0
  m_Script: {fileID: 11500000, guid: 19242b74995c0e44a8799397a6b0059a, type: 3}
  m_Name: 
  m_EditorClassIdentifier: 
  _guid: 1761848043
  _type: 6
  _nodeData: {fileID: 11462248}
  Name: Multi-Sound Example
  _parent: {fileID: 11405120}
  OverrideParentMixerGroup: 0
  MixerGroup: {fileID: 0}
  _children:
  - {fileID: 11421042}
  - {fileID: 11495736}
  Filtered: 0
  FoldedOut: 1
  ScrollPosition: {x: 0, y: 0}
--- !u!114 &11432392
MonoBehaviour:
  m_ObjectHideFlags: 1
  m_PrefabParentObject: {fileID: 0}
  m_PrefabInternal: {fileID: 100100000}
  m_GameObject: {fileID: 101326}
  m_Enabled: 1
  m_EditorHideFlags: 0
  m_Script: {fileID: 11500000, guid: 19242b74995c0e44a8799397a6b0059a, type: 3}
  m_Name: 
  m_EditorClassIdentifier: 
  _guid: 341757616
  _type: 2
  _nodeData: {fileID: 11493982}
  Name: WinEnd
  _parent: {fileID: 11405120}
  OverrideParentMixerGroup: 0
  MixerGroup: {fileID: 0}
  _children: []
  Filtered: 0
  FoldedOut: 0
  ScrollPosition: {x: 0, y: 0}
--- !u!114 &11434236
MonoBehaviour:
  m_ObjectHideFlags: 1
  m_PrefabParentObject: {fileID: 0}
  m_PrefabInternal: {fileID: 100100000}
  m_GameObject: {fileID: 101326}
  m_Enabled: 1
  m_EditorHideFlags: 0
  m_Script: {fileID: 11500000, guid: 19242b74995c0e44a8799397a6b0059a, type: 3}
  m_Name: 
  m_EditorClassIdentifier: 
  _guid: 1613877283
  _type: 2
  _nodeData: {fileID: 11424074}
  Name: Played secondly
  _parent: {fileID: 11453046}
  OverrideParentMixerGroup: 0
  MixerGroup: {fileID: 0}
  _children: []
  Filtered: 0
  FoldedOut: 0
  ScrollPosition: {x: 0, y: 0}
--- !u!114 &11443836
MonoBehaviour:
  m_ObjectHideFlags: 1
  m_PrefabParentObject: {fileID: 0}
  m_PrefabInternal: {fileID: 100100000}
  m_GameObject: {fileID: 101326}
  m_Enabled: 1
  m_EditorHideFlags: 0
  m_Script: {fileID: 11500000, guid: 0fc14a519ae4a03499b0c9ddb2abae5b, type: 3}
  m_Name: 
  m_EditorClassIdentifier: 
  RandomVolume: 0
  MinVolume: 1
  MaxVolume: 1
  RandomizeDelay: 0
  InitialDelayMin: 0
  InitialDelayMax: 0
  RandomPitch: 0
  MinPitch: 1
  MaxPitch: 1
  RandomBlend: 0
  MinBlend: 1
  MaxBlend: 1
  Loop: 0
  LoopInfinite: 0
  RandomizeLoops: 0
  MinIterations: 1
  MaxIterations: 1
  OverrideAttenuation: 0
  MinDistance: 1
  MaxDistance: 500
  RolloffMode: 0
  LimitInstances: 0
  MaxInstances: 1
  InstanceStealingTypes: 0
  Priority: 128
  RandomSecondsOffset: 0
  MinSecondsOffset: 0
  MaxSecondsOffset: 0
  SelectedArea: 0
  FalloffCurve:
    serializedVersion: 2
    m_Curve:
    - time: 0
      value: 1
      inSlope: 0
      outSlope: 0
      tangentMode: 0
    - time: 0.1
      value: 1
      inSlope: 0
      outSlope: 0
      tangentMode: 0
    - time: 1
      value: 0
      inSlope: 0
      outSlope: 0
      tangentMode: 0
    m_PreInfinity: 2
    m_PostInfinity: 2
    m_RotationOrder: 4
  _clip: {fileID: 0}
  LoadedFromAssetBundle: 0
--- !u!114 &11446998
MonoBehaviour:
  m_ObjectHideFlags: 1
  m_PrefabParentObject: {fileID: 0}
  m_PrefabInternal: {fileID: 100100000}
  m_GameObject: {fileID: 101326}
  m_Enabled: 1
  m_EditorHideFlags: 0
  m_Script: {fileID: 11500000, guid: 0fc14a519ae4a03499b0c9ddb2abae5b, type: 3}
  m_Name: 
  m_EditorClassIdentifier: 
  RandomVolume: 0
  MinVolume: 1
  MaxVolume: 1
  RandomizeDelay: 0
  InitialDelayMin: 0
  InitialDelayMax: 0
  RandomPitch: 0
  MinPitch: 1
  MaxPitch: 1
  RandomBlend: 0
  MinBlend: 1
  MaxBlend: 1
  Loop: 0
  LoopInfinite: 0
  RandomizeLoops: 0
  MinIterations: 1
  MaxIterations: 1
  OverrideAttenuation: 0
  MinDistance: 1
  MaxDistance: 500
  RolloffMode: 0
  LimitInstances: 0
  MaxInstances: 1
  InstanceStealingTypes: 0
  Priority: 128
  RandomSecondsOffset: 0
  MinSecondsOffset: 0
  MaxSecondsOffset: 0
  SelectedArea: 0
  FalloffCurve:
    serializedVersion: 2
    m_Curve:
    - time: 0
      value: 1
      inSlope: 0
      outSlope: 0
      tangentMode: 0
    - time: 0.1
      value: 1
      inSlope: 0
      outSlope: 0
      tangentMode: 0
    - time: 1
      value: 0
      inSlope: 0
      outSlope: 0
      tangentMode: 0
    m_PreInfinity: 2
    m_PostInfinity: 2
    m_RotationOrder: 4
  _clip: {fileID: 0}
  LoadedFromAssetBundle: 0
--- !u!114 &11447654
MonoBehaviour:
  m_ObjectHideFlags: 1
  m_PrefabParentObject: {fileID: 0}
  m_PrefabInternal: {fileID: 100100000}
  m_GameObject: {fileID: 101326}
  m_Enabled: 1
  m_EditorHideFlags: 0
  m_Script: {fileID: 11500000, guid: 19242b74995c0e44a8799397a6b0059a, type: 3}
  m_Name: 
  m_EditorClassIdentifier: 
  _guid: 524813305
  _type: 1
  _nodeData: {fileID: 11474170}
  Name: Audio Folder 1
  _parent: {fileID: 11405638}
  OverrideParentMixerGroup: 0
  MixerGroup: {fileID: 0}
  _children: []
  Filtered: 0
  FoldedOut: 0
  ScrollPosition: {x: 0, y: 0}
--- !u!114 &11451646
MonoBehaviour:
  m_ObjectHideFlags: 1
  m_PrefabParentObject: {fileID: 0}
  m_PrefabInternal: {fileID: 100100000}
  m_GameObject: {fileID: 101326}
  m_Enabled: 1
  m_EditorHideFlags: 0
  m_Script: {fileID: 11500000, guid: 154ea6f38f3496047aa6154e30666f81, type: 3}
  m_Name: 
  m_EditorClassIdentifier: 
  RandomVolume: 0
  MinVolume: 1
  MaxVolume: 1
  RandomizeDelay: 0
  InitialDelayMin: 0
  InitialDelayMax: 0
  RandomPitch: 0
  MinPitch: 1
  MaxPitch: 1
  RandomBlend: 0
  MinBlend: 1
  MaxBlend: 1
  Loop: 0
  LoopInfinite: 0
  RandomizeLoops: 0
  MinIterations: 1
  MaxIterations: 1
  OverrideAttenuation: 0
  MinDistance: 1
  MaxDistance: 500
  RolloffMode: 0
  LimitInstances: 0
  MaxInstances: 1
  InstanceStealingTypes: 0
  Priority: 128
  RandomSecondsOffset: 0
  MinSecondsOffset: 0
  MaxSecondsOffset: 0
  SelectedArea: 0
  FalloffCurve:
    serializedVersion: 2
    m_Curve:
    - time: 0
      value: 1
      inSlope: 0
      outSlope: 0
      tangentMode: 0
    - time: 0.1
      value: 1
      inSlope: 0
      outSlope: 0
      tangentMode: 0
    - time: 1
      value: 0
      inSlope: 0
      outSlope: 0
      tangentMode: 0
    m_PreInfinity: 2
    m_PostInfinity: 2
    m_RotationOrder: 4
--- !u!114 &11453046
MonoBehaviour:
  m_ObjectHideFlags: 1
  m_PrefabParentObject: {fileID: 0}
  m_PrefabInternal: {fileID: 100100000}
  m_GameObject: {fileID: 101326}
  m_Enabled: 1
  m_EditorHideFlags: 0
  m_Script: {fileID: 11500000, guid: 19242b74995c0e44a8799397a6b0059a, type: 3}
  m_Name: 
  m_EditorClassIdentifier: 
  _guid: 838031977
  _type: 4
  _nodeData: {fileID: 11451646}
  Name: Sequence-Sound Example
  _parent: {fileID: 11405120}
  OverrideParentMixerGroup: 0
  MixerGroup: {fileID: 0}
  _children:
  - {fileID: 11408452}
  - {fileID: 11434236}
  Filtered: 0
  FoldedOut: 1
  ScrollPosition: {x: 0, y: 0}
--- !u!114 &11458728
MonoBehaviour:
  m_ObjectHideFlags: 1
  m_PrefabParentObject: {fileID: 0}
  m_PrefabInternal: {fileID: 100100000}
  m_GameObject: {fileID: 101326}
  m_Enabled: 1
  m_EditorHideFlags: 0
  m_Script: {fileID: 11500000, guid: 19242b74995c0e44a8799397a6b0059a, type: 3}
  m_Name: 
  m_EditorClassIdentifier: 
  _guid: 1177706182
  _type: 2
  _nodeData: {fileID: 11446998}
  Name: Empty Example Audio Node
  _parent: {fileID: 11430374}
  OverrideParentMixerGroup: 0
  MixerGroup: {fileID: 0}
  _children: []
  Filtered: 0
  FoldedOut: 0
  ScrollPosition: {x: 0, y: 0}
--- !u!114 &11459612
MonoBehaviour:
  m_ObjectHideFlags: 1
  m_PrefabParentObject: {fileID: 0}
  m_PrefabInternal: {fileID: 100100000}
  m_GameObject: {fileID: 101326}
  m_Enabled: 1
  m_EditorHideFlags: 0
  m_Script: {fileID: 11500000, guid: 0fc14a519ae4a03499b0c9ddb2abae5b, type: 3}
  m_Name: 
  m_EditorClassIdentifier: 
  RandomVolume: 0
  MinVolume: 1
  MaxVolume: 1
  RandomizeDelay: 0
  InitialDelayMin: 0
  InitialDelayMax: 0
  RandomPitch: 0
  MinPitch: 1
  MaxPitch: 1
  RandomBlend: 0
  MinBlend: 1
  MaxBlend: 1
  Loop: 0
  LoopInfinite: 0
  RandomizeLoops: 0
  MinIterations: 1
  MaxIterations: 1
  OverrideAttenuation: 0
  MinDistance: 1
  MaxDistance: 500
  RolloffMode: 0
  LimitInstances: 0
  MaxInstances: 1
  InstanceStealingTypes: 0
  Priority: 128
  RandomSecondsOffset: 0
  MinSecondsOffset: 0
  MaxSecondsOffset: 0
  SelectedArea: 0
  FalloffCurve:
    serializedVersion: 2
    m_Curve:
    - time: 0
      value: 1
      inSlope: 0
      outSlope: 0
      tangentMode: 0
    - time: 0.1
      value: 1
      inSlope: 0
      outSlope: 0
      tangentMode: 0
    - time: 1
      value: 0
      inSlope: 0
      outSlope: 0
      tangentMode: 0
    m_PreInfinity: 2
    m_PostInfinity: 2
    m_RotationOrder: 4
  _clip: {fileID: 0}
  LoadedFromAssetBundle: 0
--- !u!114 &11462248
MonoBehaviour:
  m_ObjectHideFlags: 1
  m_PrefabParentObject: {fileID: 0}
  m_PrefabInternal: {fileID: 100100000}
  m_GameObject: {fileID: 101326}
  m_Enabled: 1
  m_EditorHideFlags: 0
  m_Script: {fileID: 11500000, guid: 2d480ddf5b4b82d47bec4c088206d71a, type: 3}
  m_Name: 
  m_EditorClassIdentifier: 
  RandomVolume: 0
  MinVolume: 1
  MaxVolume: 1
  RandomizeDelay: 0
  InitialDelayMin: 0
  InitialDelayMax: 0
  RandomPitch: 0
  MinPitch: 1
  MaxPitch: 1
  RandomBlend: 0
  MinBlend: 1
  MaxBlend: 1
  Loop: 0
  LoopInfinite: 0
  RandomizeLoops: 0
  MinIterations: 1
  MaxIterations: 1
  OverrideAttenuation: 0
  MinDistance: 1
  MaxDistance: 500
  RolloffMode: 0
  LimitInstances: 0
  MaxInstances: 1
  InstanceStealingTypes: 0
  Priority: 128
  RandomSecondsOffset: 0
  MinSecondsOffset: 0
  MaxSecondsOffset: 0
  SelectedArea: 0
  FalloffCurve:
    serializedVersion: 2
    m_Curve:
    - time: 0
      value: 1
      inSlope: 0
      outSlope: 0
      tangentMode: 0
    - time: 0.1
      value: 1
      inSlope: 0
      outSlope: 0
      tangentMode: 0
    - time: 1
      value: 0
      inSlope: 0
      outSlope: 0
      tangentMode: 0
    m_PreInfinity: 2
    m_PostInfinity: 2
    m_RotationOrder: 4
--- !u!114 &11462560
MonoBehaviour:
  m_ObjectHideFlags: 1
  m_PrefabParentObject: {fileID: 0}
  m_PrefabInternal: {fileID: 100100000}
  m_GameObject: {fileID: 101326}
  m_Enabled: 1
  m_EditorHideFlags: 0
  m_Script: {fileID: 11500000, guid: 5ed61107f423a9247b9013a516fcee4c, type: 3}
  m_Name: 
  m_EditorClassIdentifier: 
  ExternalPlacement: 0
  OverrideParentBank: 0
  BankLink: {fileID: 11458536, guid: 2d0c9356c0fde0641ae033163e0ffefd, type: 2}
  VolumeMin: 1
  runtimeVolume: 1
--- !u!114 &11471496
MonoBehaviour:
  m_ObjectHideFlags: 1
  m_PrefabParentObject: {fileID: 0}
  m_PrefabInternal: {fileID: 100100000}
  m_GameObject: {fileID: 101326}
  m_Enabled: 1
  m_EditorHideFlags: 0
  m_Script: {fileID: 11500000, guid: 0fc14a519ae4a03499b0c9ddb2abae5b, type: 3}
  m_Name: 
  m_EditorClassIdentifier: 
  RandomVolume: 0
  MinVolume: 1
  MaxVolume: 1
  RandomizeDelay: 0
  InitialDelayMin: 0
  InitialDelayMax: 0
  RandomPitch: 0
  MinPitch: 1
  MaxPitch: 1
  RandomBlend: 0
  MinBlend: 0
  MaxBlend: 1
  Loop: 0
  LoopInfinite: 0
  RandomizeLoops: 0
  MinIterations: 1
  MaxIterations: 1
  OverrideAttenuation: 0
  MinDistance: 1
  MaxDistance: 500
  RolloffMode: 0
  LimitInstances: 0
  MaxInstances: 1
  InstanceStealingTypes: 0
  Priority: 0
  RandomSecondsOffset: 0
  MinSecondsOffset: 0
  MaxSecondsOffset: 0
  SelectedArea: 0
  FalloffCurve:
    serializedVersion: 2
    m_Curve:
    - time: 0
      value: 1
      inSlope: 0
      outSlope: 0
      tangentMode: 0
    - time: 0.1
      value: 1
      inSlope: 0
      outSlope: 0
      tangentMode: 0
    - time: 1
      value: 0
      inSlope: 0
      outSlope: 0
      tangentMode: 0
    m_PreInfinity: 2
    m_PostInfinity: 2
    m_RotationOrder: 4
  _clip: {fileID: 8300000, guid: 4ba8b7330963dcc46986d2ff8d6d2a47, type: 3}
  LoadedFromAssetBundle: 0
--- !u!114 &11474170
MonoBehaviour:
  m_ObjectHideFlags: 1
  m_PrefabParentObject: {fileID: 0}
  m_PrefabInternal: {fileID: 100100000}
  m_GameObject: {fileID: 101326}
  m_Enabled: 1
  m_EditorHideFlags: 0
  m_Script: {fileID: 11500000, guid: 5ed61107f423a9247b9013a516fcee4c, type: 3}
  m_Name: 
  m_EditorClassIdentifier: 
  ExternalPlacement: 0
  OverrideParentBank: 0
  BankLink: {fileID: 11458536, guid: 2d0c9356c0fde0641ae033163e0ffefd, type: 2}
  VolumeMin: 1
  runtimeVolume: 1
--- !u!114 &11481002
MonoBehaviour:
  m_ObjectHideFlags: 1
  m_PrefabParentObject: {fileID: 0}
  m_PrefabInternal: {fileID: 100100000}
  m_GameObject: {fileID: 101326}
  m_Enabled: 1
  m_EditorHideFlags: 0
  m_Script: {fileID: 11500000, guid: 5ed61107f423a9247b9013a516fcee4c, type: 3}
  m_Name: 
  m_EditorClassIdentifier: 
  ExternalPlacement: 0
  OverrideParentBank: 0
  BankLink: {fileID: 11458536, guid: 2d0c9356c0fde0641ae033163e0ffefd, type: 2}
  VolumeMin: 1
  runtimeVolume: 1
--- !u!114 &11490226
MonoBehaviour:
  m_ObjectHideFlags: 1
  m_PrefabParentObject: {fileID: 0}
  m_PrefabInternal: {fileID: 100100000}
  m_GameObject: {fileID: 101326}
  m_Enabled: 1
  m_EditorHideFlags: 0
  m_Script: {fileID: 11500000, guid: 0fc14a519ae4a03499b0c9ddb2abae5b, type: 3}
  m_Name: 
  m_EditorClassIdentifier: 
  RandomVolume: 0
  MinVolume: 1
  MaxVolume: 1
  RandomizeDelay: 0
  InitialDelayMin: 0
  InitialDelayMax: 0
  RandomPitch: 0
  MinPitch: 1
  MaxPitch: 1
  RandomBlend: 0
  MinBlend: 1
  MaxBlend: 1
  Loop: 0
  LoopInfinite: 0
  RandomizeLoops: 0
  MinIterations: 1
  MaxIterations: 1
  OverrideAttenuation: 0
  MinDistance: 1
  MaxDistance: 500
  RolloffMode: 0
  LimitInstances: 1
  MaxInstances: 1
  InstanceStealingTypes: 0
  Priority: 128
  RandomSecondsOffset: 0
  MinSecondsOffset: 0
  MaxSecondsOffset: 0
  SelectedArea: 0
  FalloffCurve:
    serializedVersion: 2
    m_Curve:
    - time: 0
      value: 1
      inSlope: 0
      outSlope: 0
      tangentMode: 0
    - time: 0.1
      value: 1
      inSlope: 0
      outSlope: 0
      tangentMode: 0
    - time: 1
      value: 0
      inSlope: 0
      outSlope: 0
      tangentMode: 0
    m_PreInfinity: 2
    m_PostInfinity: 2
    m_RotationOrder: 4
  _clip: {fileID: 0}
  LoadedFromAssetBundle: 0
--- !u!114 &11490878
MonoBehaviour:
  m_ObjectHideFlags: 1
  m_PrefabParentObject: {fileID: 0}
  m_PrefabInternal: {fileID: 100100000}
  m_GameObject: {fileID: 101326}
  m_Enabled: 1
  m_EditorHideFlags: 0
  m_Script: {fileID: 11500000, guid: 19242b74995c0e44a8799397a6b0059a, type: 3}
  m_Name: 
  m_EditorClassIdentifier: 
  _guid: 1808302366
  _type: 2
  _nodeData: {fileID: 11498804}
  Name: WinCount
  _parent: {fileID: 11405120}
  OverrideParentMixerGroup: 0
  MixerGroup: {fileID: 0}
  _children: []
  Filtered: 0
  FoldedOut: 0
  ScrollPosition: {x: 0, y: 0}
--- !u!114 &11493982
MonoBehaviour:
  m_ObjectHideFlags: 1
  m_PrefabParentObject: {fileID: 0}
  m_PrefabInternal: {fileID: 100100000}
  m_GameObject: {fileID: 101326}
  m_Enabled: 1
  m_EditorHideFlags: 0
  m_Script: {fileID: 11500000, guid: 0fc14a519ae4a03499b0c9ddb2abae5b, type: 3}
  m_Name: 
  m_EditorClassIdentifier: 
  RandomVolume: 0
  MinVolume: 1
  MaxVolume: 1
  RandomizeDelay: 0
  InitialDelayMin: 0
  InitialDelayMax: 0
  RandomPitch: 0
  MinPitch: 1
  MaxPitch: 1
  RandomBlend: 0
  MinBlend: 0
  MaxBlend: 1
  Loop: 0
  LoopInfinite: 0
  RandomizeLoops: 0
  MinIterations: 1
  MaxIterations: 1
  OverrideAttenuation: 0
  MinDistance: 1
  MaxDistance: 500
  RolloffMode: 0
  LimitInstances: 0
  MaxInstances: 1
  InstanceStealingTypes: 0
  Priority: 128
  RandomSecondsOffset: 0
  MinSecondsOffset: 0
  MaxSecondsOffset: 0
  SelectedArea: 0
  FalloffCurve:
    serializedVersion: 2
    m_Curve:
    - time: 0
      value: 1
      inSlope: 0
      outSlope: 0
      tangentMode: 0
    - time: 0.1
      value: 1
      inSlope: 0
      outSlope: 0
      tangentMode: 0
    - time: 1
      value: 0
      inSlope: 0
      outSlope: 0
      tangentMode: 0
    m_PreInfinity: 2
    m_PostInfinity: 2
    m_RotationOrder: 4
  _clip: {fileID: 8300000, guid: 06d0e5361f7b17e4db5fae04e5366ad3, type: 3}
  LoadedFromAssetBundle: 0
--- !u!114 &11495736
MonoBehaviour:
  m_ObjectHideFlags: 1
  m_PrefabParentObject: {fileID: 0}
  m_PrefabInternal: {fileID: 100100000}
  m_GameObject: {fileID: 101326}
  m_Enabled: 1
  m_EditorHideFlags: 0
  m_Script: {fileID: 11500000, guid: 19242b74995c0e44a8799397a6b0059a, type: 3}
  m_Name: 
  m_EditorClassIdentifier: 
  _guid: 1680822620
  _type: 2
  _nodeData: {fileID: 11402382}
  Name: Played simultaneously
  _parent: {fileID: 11432364}
  OverrideParentMixerGroup: 0
  MixerGroup: {fileID: 0}
  _children: []
  Filtered: 0
  FoldedOut: 0
  ScrollPosition: {x: 0, y: 0}
--- !u!114 &11498804
MonoBehaviour:
  m_ObjectHideFlags: 1
  m_PrefabParentObject: {fileID: 0}
  m_PrefabInternal: {fileID: 100100000}
  m_GameObject: {fileID: 101326}
  m_Enabled: 1
  m_EditorHideFlags: 0
  m_Script: {fileID: 11500000, guid: 0fc14a519ae4a03499b0c9ddb2abae5b, type: 3}
  m_Name: 
  m_EditorClassIdentifier: 
  RandomVolume: 0
  MinVolume: 1
  MaxVolume: 1
  RandomizeDelay: 0
  InitialDelayMin: 0
  InitialDelayMax: 0
  RandomPitch: 0
  MinPitch: 1
  MaxPitch: 1
  RandomBlend: 0
  MinBlend: 0
  MaxBlend: 1
  Loop: 1
  LoopInfinite: 0
  RandomizeLoops: 0
  MinIterations: 1
  MaxIterations: 1
  OverrideAttenuation: 0
  MinDistance: 1
  MaxDistance: 500
  RolloffMode: 0
  LimitInstances: 0
  MaxInstances: 1
  InstanceStealingTypes: 0
  Priority: 128
  RandomSecondsOffset: 0
  MinSecondsOffset: 0
  MaxSecondsOffset: 0
  SelectedArea: 0
  FalloffCurve:
    serializedVersion: 2
    m_Curve:
    - time: 0
      value: 1
      inSlope: 0
      outSlope: 0
      tangentMode: 0
    - time: 0.1
      value: 1
      inSlope: 0
      outSlope: 0
      tangentMode: 0
    - time: 1
      value: 0
      inSlope: 0
      outSlope: 0
      tangentMode: 0
    m_PreInfinity: 2
    m_PostInfinity: 2
    m_RotationOrder: 4
  _clip: {fileID: 8300000, guid: 2ab87a41fbfd54d4fb3ef41a70b8be1c, type: 3}
  LoadedFromAssetBundle: 0
--- !u!1001 &100100000
Prefab:
  m_ObjectHideFlags: 1
  serializedVersion: 2
  m_Modification:
    m_TransformParent: {fileID: 0}
    m_Modifications: []
    m_RemovedComponents: []
  m_ParentPrefab: {fileID: 0}
  m_RootGameObject: {fileID: 101326}
  m_IsPrefabParent: 1
